<record><leader>00000cas a22000007a 4500</leader><controlfield tag="001">13958979</controlfield><controlfield tag="008">860728d190319uutxudn ne      0   a0eng d</controlfield><datafield ind1=" " ind2=" " tag="010"><subfield code="a">sn 86088182 </subfield></datafield><datafield ind1=" " ind2=" " tag="040"><subfield code="a">PPM</subfield><subfield code="b">eng</subfield><subfield code="c">PPM</subfield><subfield code="d">OCLCQ</subfield><subfield code="d">DLC</subfield></datafield><datafield ind1="0" ind2=" " tag="022"><subfield code="a">2473-5795</subfield><subfield code="2">1</subfield></datafield><datafield ind1=" " ind2=" " tag="042"><subfield code="a">msc</subfield><subfield code="a">nsdp</subfield></datafield><datafield ind1="1" ind2="0" tag="050"><subfield code="a">ISSN RECORD</subfield></datafield><datafield ind1="1" ind2="0" tag="082"><subfield code="a">071</subfield><subfield code="2">23</subfield></datafield><datafield ind1=" " ind2="4" tag="222"><subfield code="a">The Austin tribune and news</subfield></datafield><datafield ind1="0" ind2="4" tag="245"><subfield code="a">The Austin tribune and news.</subfield></datafield><datafield ind1="1" ind2="3" tag="246"><subfield code="a">Tribune news</subfield></datafield><datafield ind1="3" ind2="0" tag="246"><subfield code="a">Daily news tribune</subfield></datafield><datafield ind1="1" ind2="7" tag="246"><subfield code="a">News tribune</subfield></datafield><datafield ind1=" " ind2=" " tag="260"><subfield code="a">Austin, Tex. :</subfield><subfield code="b">C.F. Gydeson</subfield></datafield><datafield ind1=" " ind2=" " tag="300"><subfield code="a">v. ;</subfield><subfield code="c">59 cm.</subfield></datafield><datafield ind1=" " ind2=" " tag="310"><subfield code="a">Daily (except Sun.)</subfield></datafield><datafield ind1="0" ind2=" " tag="362"><subfield code="a">Sept. 9, 1903-</subfield></datafield><datafield ind1=" " ind2=" " tag="500"><subfield code="a">Published as: Daily news-tribune in 1905.</subfield></datafield><datafield ind1=" " ind2=" " tag="515"><subfield code="a">Issue for Sep. 23, 1903 numbered vol. 1, no. 16.</subfield></datafield><datafield ind1=" " ind2=" " tag="752"><subfield code="a">United States</subfield><subfield code="b">Texas</subfield><subfield code="c">Travis</subfield><subfield code="d">Austin.</subfield></datafield><datafield ind1="0" ind2=" " tag="775"><subfield code="t">Austin daily tribune</subfield><subfield code="x">2473-5779</subfield><subfield code="w">(DLC)sn 86088304</subfield><subfield code="w">(OCoLC)13959217</subfield></datafield><datafield ind1="0" ind2="0" tag="780"><subfield code="t">Austin evening news (Austin, Tex. : 1891)</subfield><subfield code="x">2473-5817</subfield><subfield code="w">(DLC)sn 86088084</subfield><subfield code="w">(OCoLC)13959240</subfield></datafield><datafield ind1="0" ind2="7" tag="785"><subfield code="t">Austin daily tribune</subfield><subfield code="x">2473-5779</subfield><subfield code="w">(DLC)sn 86088304</subfield><subfield code="w">(OCoLC)13959217</subfield></datafield><datafield ind1="0" ind2="7" tag="785"><subfield code="t">Austin tribune</subfield><subfield code="x">2473-5760</subfield><subfield code="w">(DLC)sn 86089788</subfield><subfield code="w">(OCoLC)14410369</subfield></datafield></record>